@inproceedings{andrieu2003online,
  title={Online expectation-maximization type algorithms for parameter estimation in general state space models},
  author={Andrieu, C. and Doucet, A.},
  booktitle={2003 IEEE International Conference on Acoustics, Speech, and Signal Processing},
  volume={6},
  pages={VI--69},
  year={2003},
  organization={IEEE}
}


@ARTICLE{beaumont:2003,
  author = {M. A. Beaumont.},
  title = {Estimation of population growth or decline in genetically monitored populations. Genetics},
  journal = {Genetics},
  year = {2003},
  volume = {164},
  number = {3},
  pages = {1139--1160}
}


@article{cappe2009line,
  title={Online {E}xpectation-{M}aximization algorithm for latent data models},
  author={Capp{\'e}, O. and Moulines, {\'E}.},
  journal={Journal of the Royal Statistical Society: Series B (Statistical Methodology)},
  volume={71},
  number={3},
  pages={593--613},
  year={2009},
  publisher={Wiley Online Library}
}

@ARTICLE{cappe:2009,
  author  = {O. Capp\'{e}},
  title   = {Online {EM} Algorithm for Hidden {M}arkov Models},
  journal = {J. Comput. Graph. Statist.},
  year    = {2011},
  volume = {20},
  number = {3},
  pages = {728--749}  
}


@article{le2013convergence,
  title={Convergence of a particle-based approximation of the Block Online {E}xpectation {M}aximization algorithm},
  author={Le Corff, S. and Fort, G.},
  journal={ACM Transactions on Modeling and Computer Simulation (TOMACS)},
  volume={23},
  number={1},
  pages={2},
  year={2013},
  publisher={ACM}
}

@article{le2013online,
  title={Online {E}xpectation {M}aximization based algorithms for inference in {H}idden Markov models},
  author={Le Corff, S. and Fort, G.},
  journal={Electronic Journal of Statistics},
  volume={7},
  pages={763--792},
  year={2013},
  publisher={The Institute of Mathematical Statistics and the Bernoulli Society}
}

@book{Cappe:2005:IHM:1088883,
 author = {Capp{\'e}, O. and Moulines, {\'E}. and Ryden, T.},
 title = {Inference in Hidden Markov Models (Springer Series in Statistics)},
 year = {2005},
 isbn = {0387402640},
 publisher = {Springer-Verlag},
 address = {Berlin, Heidelberg},
} 

@article{fearnhead2010sequential,
  title={A sequential smoothing algorithm with linear computational cost},
  author={Fearnhead, Paul and Wyncoll, David and Tawn, Jonathan},
  journal={Biometrika},
  volume={97},
  number={2},
  pages={447--464},
  year={2010},
  publisher={Oxford University Press}
}


@ARTICLE{delmoral:moulines:olsson:verge:2016,
  author = {{Del Moral}, P. and Moulines, E. and Olsson, J. and Verg\'e, C.},
  title = {Convergence properties of weighted particle islands with application to the double bootstrap algorithm},
  journal = {Stochastic Systems},
  year = {2016},
  volume = {2},
  number = {6},
  pages = {367--419}
}

@article{dacunha1986estimation,
  title={Estimation of the coefficients of a diffusion from discrete observations},
  author={Dacunha-Castelle, D. and Florens-Zmirou, D.},
  journal={Stochastics: An International Journal of Probability and Stochastic Processes},
  volume={19},
  number={4},
  pages={263--284},
  year={1986},
  publisher={Taylor \& Francis}
}


@article{briers2010smoothing,
  title={Smoothing algorithms for state--space models},
  author={Briers, M. and Doucet, A. and Maskell, S.},
  journal={Annals of the Institute of Statistical Mathematics},
  volume={62},
  number={1},
  pages={61},
  year={2010},
  publisher={Springer}
}
@article{nguyen2017two,
  title={On the two-filter approximations of marginal smoothing distributions in general state-space models},
  author={Nguyen, T.N.M. and Le Corff, S. and Moulines, {\'E}.},
  journal={Advances in Applied Probability},
  volume={50},
  number={1},
  pages={154--177},
  year={2017},
  publisher={Cambridge University Press}
}
@book{zucchini:macdonald:langrock:2016,
  title = {Hidden {M}arkov models for time series: an introduction using {R}},
  publisher = {CRC Press},
  year = {2016},
  author = {Zucchini, W. and Mac Donald, I.L. and Langrock, R.}
}

@book{douc:moulines:stoffer:2014,
  title = {Nonlinear time series: theory, methods and
applications with {R} examples},
  publisher = {CRC Press},
  year = {2014},
  author = {Douc, R. and Moulines, \'E. and Stoffer, D.}
}

@article{fearnhead:papaspiliopoulos:roberts:stuart:2010,
author = {Fearnhead, P. and Papaspiliopoulos, O. and Roberts, G.~O. and Stuart, A.},
year = {2010},
title = {Random weight particle filtering of continuous time processes},
journal = {J. Roy. Statist. Soc. B},
volume = {72},
number = {4},
pages = {497--512}
}

@article{fearnhead:papaspiliopoulos:roberts:2008,
author = {Fearnhead, P. and Papaspiliopoulos, O. and Roberts, G.~O.},
title = {Particle filters for partially observed diffusions},
year = {2008}, 
journal = {J. Roy. Statist. Soc. B},
volume = {70},
number = {4},
pages = {755--777}
}



@inproceedings{gordon1993novel,
  title={Novel approach to nonlinear/non-Gaussian {B}ayesian state estimation},
  author={Gordon, Neil J and Salmond, David J and Smith, Adrian FM},
  booktitle={IEE proceedings F (radar and signal processing)},
  volume={140},
  number={2},
  pages={107--113},
  year={1993},
  organization={IET}
}

@article{doucet2000sequential,
  title={On sequential {M}onte {C}arlo sampling methods for {B}ayesian filtering},
  author={Doucet, A. and Godsill, S. and Andrieu, C.},
  journal={Statistics and computing},
  volume={10},
  number={3},
  pages={197--208},
  year={2000},
  publisher={Springer}
}

@ARTICLE{rauch1965maximum,
  author = {Rauch, H. and Tung, F. and Striebel, C.},
  title = {Maximum Likelihood Estimates of Linear Dynamic Systems},
  journal = {AIAA Journal},
  year = {1965},
  volume = {3},
  pages = {1445--1450},
  number = {8}
}


@ARTICLE{godsill:doucet:west:2004,
  author = {S. J. Godsill and A. Doucet and M. West},
  title = {Monte {C}arlo smoothing for non-linear time series},
  journal = {J. Amer. Statist. Assoc.},
  year = {2004},
  volume = {50},
  pages = {438--449}
}

@book{sarkka:2013,
 author = {S\"arkk\"a, S.},
 title = {Bayesian Filtering and Smoothing},
 year = {2013},
 publisher = {Cambridge University Press},
 address = {New York, NY, USA}
} 

@article{kessler1997estimation,
  title={Estimation of an ergodic diffusion from discrete observations},
  author={Kessler, Mathieu},
  journal={Scandinavian Journal of Statistics},
  volume={24},
  number={2},
  pages={211--229},
  year={1997},
  publisher={Wiley Online Library}
}

@article{ait2008closed,
  title={Closed-form likelihood expansions for multivariate diffusions},
  author={Ait-Sahalia, Yacine},
  journal={The Annals of Statistics},
  volume={36},
  number={2},
  pages={906--937},
  year={2008},
  publisher={Institute of Mathematical Statistics}
}

@article{shoji1998statistical,
  title={A statistical method of estimation and simulation for systems of stochastic differential equations},
  author={Shoji, Isao and Ozaki, Tohru},
  journal={Biometrika},
  volume={85},
  number={1},
  pages={240--243},
  year={1998},
  publisher={Oxford University Press}
}


@INPROCEEDINGS{rabiner:89,
    author = {Rabiner, L.R.},
    title = {A tutorial on hidden markov models and selected applications in speech recognition},
    booktitle = {Proceedings of the IEEE},
    year = {1989},
    pages = {257--286}
}

@article{sarkka:vehtari:lampinen:2007,
author = {S\"arkk\"a, S. and Vehtari, A. and Lampinen, J.}, 
title = {Rao-{B}lackwellized particle filter for multiple target tracking},
journal = {Inofrmation Fusion},
volume={8},
Number = {1},
year={2007},
pages = {2-15}
}

@article{wang:lebarbier:aubert:robin:2017,
author = {Wang, X. and Lebarbier, E. and Aubert, J. and Robin, S.},
year = {2017},
month = {06},
pages = {},
title = {Variational Inference for Coupled Hidden Markov Models Applied to the Joint Detection of Copy Number Variations},
volume = {15},
journal = {The International Journal of Biostatistics},
doi = {10.1515/ijb-2018-0023}
}

@article{yau:papas:roberts:holmes:11,
  author = {C. Yau and O. Papaspiliopoulos and G. O. Roberts and C. Holmes},
  title = {Bayesian non-parametric hidden {M}arkov models with applications in genomics},
  journal = jrssb,
  year = {2011},
  volume = {73},
  pages = {1--21}
}

@article{gerber:chopin:2017,
author = {Gerber, M. and Chopin, N.}, 
title = {Convergence of sequential quasi-{M}onte {C}arlo smoothing algorithms},
journal = {Bernoulli},
volume={23},
Number = {4B},
year={2017},
pages = {2951--2987}
}

@article{crouse:nowak:baraniuk:1998,
author = {Crouse, M.S. and Nowak, R.D. and Baraniuk, R.G.}, 
title = {Wavelet-based statistical signal processing using hidden {M}arkov models},
journal = {{IEEE} Transactions on Signal Processing},
volume={46},
Number = {4},
year={1998},
pages = {886-902}
}

@BOOK{kushner:yin:1997,
  title = {Stochastic Approximation Algorithms and Applications},
  publisher = {Springer},
  year = {1997},
  author = {Kushner, H. J. and Yin, G. G.}
}

@INPROCEEDINGS{legland:mevel:1997,
  author = {{Le~Gland}, F. and Mevel, L.},
  title = {Recursive estimation in {HMM}s},
  booktitle = {Proc. IEEE Conf. Decis. Control},
  year = {1997},
  pages = {3468--3473}
}

@article{dubarry:lecorff:2011,
  author  = {Dubarry, C. and Le Corff, S.},
  title   = {Fast computation of smoothed additive functionals in general state-space models},
  journal = {2011 IEEE Statistical Signal Processing Workshop (SSP)},
  year    = {2011},
  pages   = {197--200}
}

@article{dubarry:lecorff:2013,
  author  = {Dubarry, C. and Le Corff, S.},
  title   = {Non-asymptotic deviation inequalities for smoothed additive functionals in nonlinear state-space models},
  journal = {Bernoulli},
  volume = {19},
  number = {5B},
  year    = {2013},
  pages   = {2222--2249}
}

@ARTICLE{polyak:juditsky:1992,
  author = {Polyak, B. T. and Juditsky, A. B.},
  title = {Acceleration of stochastic approximation by averaging},
  journal = {SIAM J. Control Optim.},
  year = {1992},
  volume = {30},
  pages = {838--855},
  number = {4},
  fjournal = {SIAM Journal on Control and Optimization}
}

@article{fearnhead:latuszynski:roberts:sermaidis:2017,
	Author = {Fearnhead, P. and Latuszynski, K. and Roberts, G.O. and Sermaidis, G.},
	Journal = {ArXiv:1712.06201},
	Title = {Continuous-time importance sampling: Monte Carlo methods which avoid time-discretisation error},
	year = {2017}
}

@article{douc:moulines:2008,
author = "Douc, R. and Moulines, E.",
doi = "10.1214/07-AOS514",
fjournal = "The Annals of Statistics",
journal = "Ann. Statist.",
month = "10",
number = "5",
pages = "2344--2376",
publisher = "The Institute of Mathematical Statistics",
title = "Limit theorems for weighted samples with applications to sequential Monte Carlo methods",
url = "https://doi.org/10.1214/07-AOS514",
volume = "36",
year = "2008"
}

@article{beskos2006retrospective,
  title={Retrospective exact simulation of diffusion sample paths with applications},
  author={Beskos, A. and Papaspiliopoulos, O. and Roberts, G. O.},
  journal={Bernoulli},
  volume={12},
  number={6},
  pages={1077--1098},
  year={2006}
  }

@article{beskos:papaspiliopoulos:roberts:fearnhead:2006,
    AUTHOR = {A. Beskos and O. Papaspiliopoulos and G.O. Roberts and P. Fearnhead},
     TITLE = {Exact and computationally efficient likelihood-based estimation for discretely observed diffusion processes},
      NOTE = {With discussions},
   JOURNAL = {J. R. Stat. Soc. Ser. B},
    VOLUME = {68},
      YEAR = {2006},
    NUMBER = {3},
     PAGES = {333--382},
}



@article{tadic:2010,
	Author = {Tadi\'c, V.B.},
	Journal = {{IEEE Transactions on Information Theory}},
	Title = {{Analyticity, convergence, and convergence rate of recursive maximum-likelihood estimation in hidden Markov models}},
	volume = {56},
	issue = {12},
	pages = {6406--6432},
	year = {2010}
}

@article{douc:matias:2001,
	Author = {Douc, R. and Matias, C.},
	Journal = {Bernoulli},
	Title = {Asymptotics of the maximum likelihood estimator for general hidden {M}arkov models},
	volume = {7},
	issue = {3},
	pages = {381--420},
	year = {2001}
}

@article{delmoral:doucet:singh:2015,
	Author = {Del Moral, P. and Doucet, A. and Singh, S.S.},
	Journal = {SIAM Journal on Control and Optimization},
	Title = {Uniform stability of a particle approximation of
the optimal filter derivative},
	volume = {53},
	issue = {3},
	pages = {1278--1304},
	year = {2015}
}

@article{olsson:westerborn:2017,
	Author = {Olsson, J. and Westerborn J.},
	Journal = {ArXiv:1712.08466},
	Title = {Particle-based, online estimation of tangent
filters with application to parameter estimation
in nonlinear state-space models
},
	year = {2017}
}

@book{cappe:moulines:ryden:2005,
	Author = {Capp\'e, O. and Moulines, \'E. and Ryd\'en, T.},
	Title = {Inference in Hidden Markov Models},
	year = {2005},
	publisher = {Springer}
}

@ARTICLE{martin:jasra:singh:whiteley:delmoral:maccoy:2014,
 author= {Martin, J.~S. and Jasra, A. and Singh, S.~S. and Whiteley, N. and {D}el {M}oral, P. and Mc{C}oy, E.},
 title= {Approximate {B}ayesian {C}omputation for smoothing},
 journal = {Stochastic Analysis and Applications},
 year= {1998},
 volume= {32},
 pages= {397--420}
}


@article{cappe:2009,
author = {Capp\'{e}, O.},
title = {Online {EM} Algorithm for Hidden {M}arkov Models},
journal = {Journal of Computational and Graphical Statistics},
volume = {20},
number = {3},
pages = {728-749},
year = {2011},
doi = {10.1198/jcgs.2011.09109},
URL = {http://dx.doi.org/10.1198/jcgs.2011.09109},
eprint = {http://dx.doi.org/10.1198/jcgs.2011.09109}
}

@ARTICLE{delmoral:doucet:singh:2010,
  author = {{D}el {M}oral, {P}. and {D}oucet, {A}. and {S}ingh, {S}.},
  title = { {A} {B}ackward {P}article {I}nterpretation of {F}eynman-{K}ac {F}ormulae},
  journal = {ESAIM M2AN},
  year = {2010},
  volume = {44},
  pages = {947--975},
  number = {5}
}

  @book{delmoral:2004,
  title = {{F}eynman-Kac {F}ormulae. {G}enealogical and Interacting Particle
    Systems with Applications},
  publisher = {Springer},
  year = {2004},
  author = {{Del Moral}, P.}
}

@ARTICLE{marin:pudlo:robert:ryder:2012,
 author= {Marin, J.~M. and Pudlo, P. and Robert, C.~P. and Ryder, R.~J.},
 title= {Approximate Bayesian computational methods},
 journal = {Stat. Comput.},
 year= {2012},
 volume= {22},
 pages= {1167--1180}
}

@ARTICLE{pitt:shephard:1999,
  author = {Pitt, M. K. and Shephard, N.},
  title = {Filtering Via Simulation: Auxiliary Particle Filters},
  journal = {J. Am. Statist. Assoc.},
  year = {1999},
  volume = {94},
  pages = {590--599},
  number = {446}
}

@ARTICLE{olsson:westerborn:2014b,
   author = "Olsson, J. and Westerborn, J.",
doi = "10.3150/16-BEJ801",
fjournal = "Bernoulli",
journal = "Bernoulli",
month = "08",
number = "3",
pages = "1951--1996",
publisher = "Bernoulli Society for Mathematical Statistics and Probability",
title = "Efficient particle-based online smoothing in general hidden Markov models: The {PaRIS} algorithm",
url = "http://dx.doi.org/10.3150/16-BEJ801",
volume = "23",
year = "2017"
}

@ARTICLE{douc:garivier:moulines:olsson:2010,
  author = {Douc, R. and Garivier, A. and Moulines, \'E. and Olsson, J.},
  title = {Sequential {M}onte {C}arlo smoothing for general state space hidden
	{M}arkov models},
  journal = {Ann. Appl. Probab.},
  year = {2011},
  volume = {21},
  pages = {2109--2145},
  number = {6}
}


@ARTICLE{olsson:strojby:2011,
  author = {Olsson, J. and Strojby, J.},
  title = {Particle-based likelihood inference in partially observed diffusion processes using generalised {P}oisson estimators},
  journal = {Electron. J. Statist.},
  year = {2011},
  volume = {5},
  pages = {1090--1122}
}



@article{uhlenbeck1930theory,
  title={On the theory of the Brownian motion},
  author={Uhlenbeck, G.~E and Ornstein, L.~S},
  journal={Phys. rev.},
  volume={36},
  number={5},
  pages={823},
  year={1930},
}


@ARTICLE{gloaguen:etienne:lecorff:2018,
  author = {Gloaguen, P. and \'Etienne, M.-P. and Le Corff, S.},
  title = {Online {S}equential {M}onte {C}arlo smoother for partially observed stochastic differential equations},
  journal = {EURASIP Journal on Advances in Signal Processing},
  year = {2018}
}

@article{andrieu:robert:2009,
author = {Andrieu, C. and Roberts, G.~O.},
journal = {Ann. Statist.},
number = {2},
pages = {697--725},
title = {The pseudo-marginal approach for efficient {M}onte {C}arlo computations},
volume = {37},
year = {2009}
}

@ARTICLE{papavasiliou:2006,
  author = {Papavasiliou, A.},
  title = {Parameter estimation and asymptotic stability in stochastic filtering},
  journal = {Stoch. Proc. Appl.},
  year = {2006},
  volume = {116},
  pages = {1048--1065},
  number = {7}
}

@ARTICLE{legland:oudjane:2004,
  author = {{Le~Gland}, F. and Oudjane, N.},
  title = {Stability and uniform approximation of nonlinear filters using the
    Hilbert metric and application to particle filters},
  journal = {Ann. Appl. Probab.},
  year = {2004},
  volume = {14},
  pages = {144--187}
}

@ARTICLE{durham:gallant:2002, 
 author = {Durham, G.~B. and Gallant, A.~R.},
  title = {Numerical techniques for maximum likelihood estimation of continuous-time diffusion processes},
  journal = {Journal of Business \& Economic Statistics},
  year = {2002},
  volume = {20},
  pages = {297--316},
  number = {3}
}

@BOOK{chopin:papaspiliopoulos:2020,
  title = {An introduction to sequential Monte Carlo methods},
  publisher = {Springer},
  year = {2020},
  author = {Chopin, N. and Papaspiliopoulos, O.}
}

@article{pedersen:1995, 
Author = {Pedersen, A. R.},
Journal = {Scand. J. Statist.},
Pages = {55--71},
Title = {A new approach to maximum likelihood estimation for stochastic differential equations based on discrete observations.},
Volume = {22},
Year = {1995}
}

@ARTICLE{delmoral:jacod:2001,
  author = {{Del Moral}, P. and Jacod, J. and Protter, P.},
  title = {The Monte-Carlo method for filtering
with discrete-time observations},
  journal = {Probab. Theory Relat. Fields},
  year = {2001},
  volume = {123},
  pages = {346--368}
}

@ARTICLE{bally:talay:1996,
  author = {Bally, V. and Talay, D.},
  title = {The law of the Euler scheme for stochastic differential equations: {II.} {A}pproximation of the density},
  journal = {Monte Carlo Methods and Applications},
  year = {1996},
  volume = {2},
  pages = {93--128}
}

